<?xml version="1.0" encoding="UTF-8"?><collection xmlns="http://www.loc.gov/MARC21/slim"><record><leader>00328nam--2200133-i-4500</leader><controlfield tag="001">000047983</controlfield><controlfield tag="002">20161230</controlfield><controlfield tag="005">20161230201046</controlfield><controlfield tag="008">060222s1000------------r-----000-0-eng-d</controlfield><datafield ind1=" " ind2=" " tag="080"><subfield code="a">681.3.01</subfield></datafield><datafield ind1=" " ind2=" " tag="100"><subfield code="a">Zaks,Rodnay</subfield></datafield><datafield ind1=" " ind2=" " tag="245"><subfield code="a">Microprocessors. from chips to systems</subfield></datafield><datafield ind1=" " ind2=" " tag="260"><subfield code="a">Berkeley, Sybex Inc.,1977. 416 P</subfield></datafield><datafield ind1=" " ind2=" " tag="852"><subfield code="a">46710</subfield></datafield></record></collection>